<record><leader>00000cas a2200000 a 4500</leader><controlfield tag="001">11942644</controlfield><controlfield tag="008">850419d18791883ksuwr ne      0    0eng d</controlfield><datafield ind1=" " ind2=" " tag="010"><subfield code="a">sn 85029943 </subfield></datafield><datafield ind1=" " ind2=" " tag="040"><subfield code="a">KSH</subfield><subfield code="b">eng</subfield><subfield code="c">KSH</subfield><subfield code="d">NPT</subfield><subfield code="d">MGN</subfield><subfield code="d">OCL</subfield><subfield code="d">OCLCQ</subfield></datafield><datafield ind1=" " ind2=" " tag="042"><subfield code="a">msc</subfield></datafield><datafield ind1="0" ind2="0" tag="245"><subfield code="a">Olathe gazette.</subfield></datafield><datafield ind1=" " ind2=" " tag="260"><subfield code="a">Olathe, Kan. :</subfield><subfield code="b">John Hindman,</subfield><subfield code="c">1879-1883.</subfield></datafield><datafield ind1=" " ind2=" " tag="300"><subfield code="a">4 v. ;</subfield><subfield code="c">60 cm.</subfield></datafield><datafield ind1=" " ind2=" " tag="310"><subfield code="a">Weekly</subfield></datafield><datafield ind1="0" ind2=" " tag="362"><subfield code="a">Vol. 1, no. 1 (July 24, 1879)-v. 4, no. 28 (Jan. 25, 1883).</subfield></datafield><datafield ind1=" " ind2=" " tag="500"><subfield code="a">Published by: Billy White, Dec. 16, 1880-May 25, 1882; John Hindman, June 8-15, 1882; Gazette Pub. Co., June 22, 1882-Jan. 25, 1883.</subfield></datafield><datafield ind1=" " ind2=" " tag="500"><subfield code="a">"Republican in politics," June 22, 1882-Jan. 25, 1883.</subfield></datafield><datafield ind1=" " ind2=" " tag="752"><subfield code="a">United States</subfield><subfield code="b">Kansas</subfield><subfield code="c">Johnson</subfield><subfield code="d">Olathe.</subfield></datafield><datafield ind1="0" ind2="5" tag="780"><subfield code="t">Western progress (Spring Hill, Kan.)</subfield><subfield code="g">Apr. 1, 1880</subfield><subfield code="w">(DLC)sn 85029960</subfield></datafield><datafield ind1="0" ind2="7" tag="785"><subfield code="t">Olathe mirror (Olathe, Kan. : 1882)</subfield><subfield code="w">(DLC)sn 85029949</subfield></datafield><datafield ind1="0" ind2="7" tag="785"><subfield code="t">Olathe mirror-gazette</subfield><subfield code="w">(DLC)sn 85029954</subfield></datafield></record>